<?xml version="1.0" encoding="UTF-8"?><collection xmlns="http://www.loc.gov/MARC21/slim"><record><leader>00582nam--2200181-i-4500</leader><controlfield tag="001">000012425</controlfield><controlfield tag="002">20161230</controlfield><controlfield tag="005">20161230201029</controlfield><controlfield tag="008">060222s1000------------r-----000-0-eng-d</controlfield><datafield ind1=" " ind2=" " tag="040"><subfield code="a">IFIN-HH</subfield></datafield><datafield ind1=" " ind2=" " tag="080"><subfield code="a">538.971:620.191</subfield></datafield><datafield ind1="1" ind2=" " tag="100"><subfield code="a">Czanderna, A.W</subfield></datafield><datafield ind1="1" ind2="0" tag="245"><subfield code="a">Methods of surface analysis</subfield><subfield code="b">Vol. 1 of methods and phenomena: their applications in science and tehnology</subfield><subfield code="c">A.w. czanderna (ed.)</subfield></datafield><datafield ind1=" " ind2=" " tag="260"><subfield code="a">Amsterdam</subfield><subfield code="b">Elsevier Scientific Publishing Company</subfield><subfield code="c">1975</subfield></datafield><datafield ind1=" " ind2=" " tag="300"><subfield code="a">481P</subfield></datafield><datafield ind1=" " ind2=" " tag="490"><subfield code="a">Methods And Phenomena 1</subfield></datafield><datafield ind1=" " ind2=" " tag="852"><subfield code="a">45420</subfield><subfield code="c">537:538</subfield></datafield><datafield ind1=" " ind2=" " tag="CAT"><subfield code="a">Sys</subfield><subfield code="c">20110622</subfield><subfield code="h">100943</subfield></datafield></record></collection>